@article{author2024,
  author  = {John Doe and Jane Smith},
  title   = {A Comprehensive Guide to Machine Learning},
  journal = {Journal of AI Research},
  year    = {2024},
  volume  = {12},
  pages   = {123-145},
  doi     = {10.1234/jair.2024},
}
